<marcxml:record xmlns:xlink="http://www.w3.org/1999/xlink" xmlns:marcxml="http://www.loc.gov/MARC21/slim" xmlns:rdf="http://www.w3.org/1999/02/22-rdf-syntax-ns#" xmlns:madsrdf="http://www.loc.gov/mads/rdf/v1#" xmlns:ri="http://id.loc.gov/ontologies/RecordInfo#" xmlns:xsi="http://www.w3.org/2001/XMLSchema-instance" xmlns:mets="http://www.loc.gov/METS/" xmlns:idx="info:lc/xq-modules/lcindex" xmlns:bfidx="info:lc/xq-modules/bfidx" xmlns:semtriples="http://marklogic.com/semantic" xmlns:bf="http://id.loc.gov/ontologies/bibframe/" xmlns:bflc="http://id.loc.gov/ontologies/bflc/" xmlns:bfsimple="http://id.loc.gov/ontologies/bfsimple/" xmlns:dcterms="http://purl.org/dc/terms/">
  <marcxml:leader>06840cam a2200781 i 4500</marcxml:leader>
  <marcxml:controlfield tag="001">22008296</marcxml:controlfield>
  <marcxml:controlfield tag="005">20211228084641.0</marcxml:controlfield>
  <marcxml:controlfield tag="008">210423t20202020caua   e 6    000 0ceng d</marcxml:controlfield>
  <marcxml:datafield ind1=" " ind2=" " tag="906">
    <marcxml:subfield code="a">7</marcxml:subfield>
    <marcxml:subfield code="b">cbc</marcxml:subfield>
    <marcxml:subfield code="c">copycat</marcxml:subfield>
    <marcxml:subfield code="d">2</marcxml:subfield>
    <marcxml:subfield code="e">ncip</marcxml:subfield>
    <marcxml:subfield code="f">20</marcxml:subfield>
    <marcxml:subfield code="g">y-gencatlg</marcxml:subfield>
  </marcxml:datafield>
  <marcxml:datafield ind1="0" ind2=" " tag="925">
    <marcxml:subfield code="a">acquire</marcxml:subfield>
    <marcxml:subfield code="b">1 shelf copy</marcxml:subfield>
    <marcxml:subfield code="x">policy default 2020-01-28</marcxml:subfield>
  </marcxml:datafield>
  <marcxml:datafield ind1=" " ind2=" " tag="955">
    <marcxml:subfield code="b">sr02 2021-04-23</marcxml:subfield>
    <marcxml:subfield code="a">xn18 2021-08-24 1 copy rec'd., to USPRLL</marcxml:subfield>
    <marcxml:subfield code="b">xk12 2021-08-31 z-processor</marcxml:subfield>
    <marcxml:subfield code="i">xk02 2021-09-27 to PresSrvs (telework)</marcxml:subfield>
  </marcxml:datafield>
  <marcxml:datafield ind1=" " ind2=" " tag="010">
    <marcxml:subfield code="a">  2021289286</marcxml:subfield>
  </marcxml:datafield>
  <marcxml:datafield ind1=" " ind2=" " tag="020">
    <marcxml:subfield code="a">9781684057771</marcxml:subfield>
    <marcxml:subfield code="q">(paperback)</marcxml:subfield>
  </marcxml:datafield>
  <marcxml:datafield ind1=" " ind2=" " tag="020">
    <marcxml:subfield code="a">1684057779</marcxml:subfield>
    <marcxml:subfield code="q">(paperback)</marcxml:subfield>
  </marcxml:datafield>
  <marcxml:datafield ind1=" " ind2=" " tag="035">
    <marcxml:subfield code="a">(OCoLC)on1144114306</marcxml:subfield>
  </marcxml:datafield>
  <marcxml:datafield ind1=" " ind2=" " tag="040">
    <marcxml:subfield code="a">YDX</marcxml:subfield>
    <marcxml:subfield code="b">eng</marcxml:subfield>
    <marcxml:subfield code="c">YDX</marcxml:subfield>
    <marcxml:subfield code="e">rda</marcxml:subfield>
    <marcxml:subfield code="d">OCLCQ</marcxml:subfield>
    <marcxml:subfield code="d">GL4</marcxml:subfield>
    <marcxml:subfield code="d">OCLCF</marcxml:subfield>
    <marcxml:subfield code="d">SO$</marcxml:subfield>
    <marcxml:subfield code="d">EHH</marcxml:subfield>
    <marcxml:subfield code="d">MZG</marcxml:subfield>
    <marcxml:subfield code="d">SDG</marcxml:subfield>
    <marcxml:subfield code="d">GK8</marcxml:subfield>
    <marcxml:subfield code="d">OCLCO</marcxml:subfield>
    <marcxml:subfield code="d">JPL</marcxml:subfield>
    <marcxml:subfield code="d">OCLCO</marcxml:subfield>
    <marcxml:subfield code="d">TCH</marcxml:subfield>
    <marcxml:subfield code="d">OCL</marcxml:subfield>
    <marcxml:subfield code="d">CLE</marcxml:subfield>
    <marcxml:subfield code="d">CEF</marcxml:subfield>
    <marcxml:subfield code="d">OCLCO</marcxml:subfield>
    <marcxml:subfield code="d">UAP</marcxml:subfield>
    <marcxml:subfield code="d">OCLCO</marcxml:subfield>
    <marcxml:subfield code="d">OSU</marcxml:subfield>
    <marcxml:subfield code="d">TXSCH</marcxml:subfield>
    <marcxml:subfield code="d">ELZ</marcxml:subfield>
    <marcxml:subfield code="d">OCLCO</marcxml:subfield>
    <marcxml:subfield code="d">MND</marcxml:subfield>
    <marcxml:subfield code="d">OCLCO</marcxml:subfield>
    <marcxml:subfield code="d">IBI</marcxml:subfield>
    <marcxml:subfield code="d">OCL</marcxml:subfield>
    <marcxml:subfield code="d">OCLCO</marcxml:subfield>
    <marcxml:subfield code="d">CDS</marcxml:subfield>
    <marcxml:subfield code="d">OCLCO</marcxml:subfield>
    <marcxml:subfield code="d">DLC</marcxml:subfield>
  </marcxml:datafield>
  <marcxml:datafield ind1=" " ind2=" " tag="042">
    <marcxml:subfield code="a">lccopycat</marcxml:subfield>
  </marcxml:datafield>
  <marcxml:datafield ind1="0" ind2="0" tag="050">
    <marcxml:subfield code="a">PN6726</marcxml:subfield>
    <marcxml:subfield code="b">.B34 2020</marcxml:subfield>
  </marcxml:datafield>
  <marcxml:datafield ind1="0" ind2="0" tag="050">
    <marcxml:subfield code="a">Comic Book 18070</marcxml:subfield>
  </marcxml:datafield>
  <marcxml:datafield ind1="0" ind2="4" tag="082">
    <marcxml:subfield code="a">306.76</marcxml:subfield>
    <marcxml:subfield code="2">23</marcxml:subfield>
  </marcxml:datafield>
  <marcxml:datafield ind1="0" ind2="0" tag="245">
    <marcxml:subfield code="a">Be gay, do comics! :</marcxml:subfield>
    <marcxml:subfield code="b">queer history, memoir, and satire from The Nib /</marcxml:subfield>
    <marcxml:subfield code="c">[editor and publisher: Matt Bors].</marcxml:subfield>
  </marcxml:datafield>
  <marcxml:datafield ind1="3" ind2="0" tag="246">
    <marcxml:subfield code="a">Queer history, memoir, and satire from The Nib</marcxml:subfield>
  </marcxml:datafield>
  <marcxml:datafield ind1=" " ind2="1" tag="264">
    <marcxml:subfield code="a">San Diego, CA :</marcxml:subfield>
    <marcxml:subfield code="b">IDW,</marcxml:subfield>
    <marcxml:subfield code="c">[2020]</marcxml:subfield>
  </marcxml:datafield>
  <marcxml:datafield ind1=" " ind2="4" tag="264">
    <marcxml:subfield code="c">©2020</marcxml:subfield>
  </marcxml:datafield>
  <marcxml:datafield ind1=" " ind2=" " tag="300">
    <marcxml:subfield code="a">250 pages :</marcxml:subfield>
    <marcxml:subfield code="b">chiefly illustrations (chiefly color) ;</marcxml:subfield>
    <marcxml:subfield code="c">24 cm</marcxml:subfield>
  </marcxml:datafield>
  <marcxml:datafield ind1=" " ind2=" " tag="336">
    <marcxml:subfield code="a">text</marcxml:subfield>
    <marcxml:subfield code="b">txt</marcxml:subfield>
    <marcxml:subfield code="2">rdacontent</marcxml:subfield>
  </marcxml:datafield>
  <marcxml:datafield ind1=" " ind2=" " tag="336">
    <marcxml:subfield code="a">still image</marcxml:subfield>
    <marcxml:subfield code="b">sti</marcxml:subfield>
    <marcxml:subfield code="2">rdacontent</marcxml:subfield>
  </marcxml:datafield>
  <marcxml:datafield ind1=" " ind2=" " tag="337">
    <marcxml:subfield code="a">unmediated</marcxml:subfield>
    <marcxml:subfield code="b">n</marcxml:subfield>
    <marcxml:subfield code="2">rdamedia</marcxml:subfield>
  </marcxml:datafield>
  <marcxml:datafield ind1=" " ind2=" " tag="338">
    <marcxml:subfield code="a">volume</marcxml:subfield>
    <marcxml:subfield code="b">nc</marcxml:subfield>
    <marcxml:subfield code="2">rdacarrier</marcxml:subfield>
  </marcxml:datafield>
  <marcxml:datafield ind1=" " ind2=" " tag="520">
    <marcxml:subfield code="a">The dream of a queer separatist town. The life of a gay, Jewish Nazi-fighter. A gender reveal party that tears reality apart. These are just some of the comics you'll find in this massive queer comics anthology from The Nib, a print periodical founded by editor-in-chief Matt Bors with companion publication at thenib.com. Filled with dozens of comics about LGBTQIA + experiences, ranging from personal stories to queer history to cutting satire about pronoun panic and brands desperate to co-opt pride, this book features more than 30 of today's top indie cartoonists.</marcxml:subfield>
  </marcxml:datafield>
  <marcxml:datafield ind1="0" ind2="0" tag="505">
    <marcxml:subfield code="t">Introduction /</marcxml:subfield>
    <marcxml:subfield code="r">Matt Lubchansky --</marcxml:subfield>
    <marcxml:subfield code="t">The final reveal /</marcxml:subfield>
    <marcxml:subfield code="r">Joey Alison Sayers --</marcxml:subfield>
    <marcxml:subfield code="t">Gender bent /</marcxml:subfield>
    <marcxml:subfield code="r">Kendra Wells --</marcxml:subfield>
    <marcxml:subfield code="t">Brands love pride /</marcxml:subfield>
    <marcxml:subfield code="r">Matt Lubchansky --</marcxml:subfield>
    <marcxml:subfield code="t">Eight queens /</marcxml:subfield>
    <marcxml:subfield code="r">Sasha Velour --</marcxml:subfield>
    <marcxml:subfield code="t">Astrological signs as classic queer haircuts /</marcxml:subfield>
    <marcxml:subfield code="r">Shelby Criswell --</marcxml:subfield>
    <marcxml:subfield code="t">The life of Gad Beck : Gay. Jewish. Nazi fighter /</marcxml:subfield>
    <marcxml:subfield code="r">Levi Hastings &amp; Dorian Alexander --</marcxml:subfield>
    <marcxml:subfield code="t">Puerto Rico's LGBT community is ready to kick the door down /</marcxml:subfield>
    <marcxml:subfield code="r">Rosa Colón Guerra --</marcxml:subfield>
    <marcxml:subfield code="t">I came out late in life and that's okay /</marcxml:subfield>
    <marcxml:subfield code="r">Alison Wilgus --</marcxml:subfield>
    <marcxml:subfield code="t">Queer uprisings before Stonewall /</marcxml:subfield>
    <marcxml:subfield code="r">Hazel Newlevant --</marcxml:subfield>
    <marcxml:subfield code="t">The response : visibility has its rewards /</marcxml:subfield>
    <marcxml:subfield code="r">Binglin Hu, Scout Tran, Matt Lubchansky, Sage Coffey, Dylan Edwards, Sfé R. Monster --</marcxml:subfield>
    <marcxml:subfield code="t">The undercut /</marcxml:subfield>
    <marcxml:subfield code="r">Shing Yin Khor --</marcxml:subfield>
    <marcxml:subfield code="t">How do you translate non-binary? /</marcxml:subfield>
    <marcxml:subfield code="r">Breena Nuñez --</marcxml:subfield>
    <marcxml:subfield code="t">Queerativity! /</marcxml:subfield>
    <marcxml:subfield code="r">Taneka Stotts &amp; Ria Martinez --</marcxml:subfield>
    <marcxml:subfield code="t">Seeing others /</marcxml:subfield>
    <marcxml:subfield code="r">Delta Vasques --</marcxml:subfield>
    <marcxml:subfield code="t">Queerness has always been part of life in the Middle East /</marcxml:subfield>
    <marcxml:subfield code="r">Anonymous --</marcxml:subfield>
    <marcxml:subfield code="t">Dancing with pride /</marcxml:subfield>
    <marcxml:subfield code="r">Maia Kobabe --</marcxml:subfield>
    <marcxml:subfield code="t">Gender isn't binary and neither is anatomy /</marcxml:subfield>
    <marcxml:subfield code="r">Sara Mirk &amp; Archie Bongiovanni --</marcxml:subfield>
    <marcxml:subfield code="t">Pronoun panic /</marcxml:subfield>
    <marcxml:subfield code="r">Kendra Wells --</marcxml:subfield>
    <marcxml:subfield code="t">Just another day at the newspaper /</marcxml:subfield>
    <marcxml:subfield code="r">Matt Lubchansky --</marcxml:subfield>
    <marcxml:subfield code="t">I'd be an okay mom /</marcxml:subfield>
    <marcxml:subfield code="r">Joey Alison Sayers --</marcxml:subfield>
    <marcxml:subfield code="t">Just a joke : where the alt-right guys get their start /</marcxml:subfield>
    <marcxml:subfield code="r">Sage Coffey --</marcxml:subfield>
    <marcxml:subfield code="t">The dream of a gay separatist town /</marcxml:subfield>
    <marcxml:subfield code="r">Archie Bongiovanni --</marcxml:subfield>
    <marcxml:subfield code="t">Am I queer enough? /</marcxml:subfield>
    <marcxml:subfield code="r">Jason Michaels &amp; Mady G --</marcxml:subfield>
    <marcxml:subfield code="t">Freedom, joy and power : the history of the rainbow flag /</marcxml:subfield>
    <marcxml:subfield code="r">Max Dlabick --</marcxml:subfield>
    <marcxml:subfield code="t">Birth control is about more than just birth /</marcxml:subfield>
    <marcxml:subfield code="r">Alex Graudins --</marcxml:subfield>
    <marcxml:subfield code="t">Dating a trans person changed my partners' life /</marcxml:subfield>
    <marcxml:subfield code="r">Mady G --</marcxml:subfield>
    <marcxml:subfield code="t">Decolonizing queerness in the Philippines /</marcxml:subfield>
    <marcxml:subfield code="r">Trinidad Escobar --</marcxml:subfield>
    <marcxml:subfield code="t">When you're invisible in pop culture /</marcxml:subfield>
    <marcxml:subfield code="r">Bianca Xunise &amp; Sage Coffey --</marcxml:subfield>
    <marcxml:subfield code="t">Nothing is wrong with me /</marcxml:subfield>
    <marcxml:subfield code="r">Dylan Edwards --</marcxml:subfield>
    <marcxml:subfield code="t">Off the rack /</marcxml:subfield>
    <marcxml:subfield code="r">Matt Lubchansky --</marcxml:subfield>
    <marcxml:subfield code="t">Great moments in pride history /</marcxml:subfield>
    <marcxml:subfield code="r">Kendra Wells --</marcxml:subfield>
    <marcxml:subfield code="t">The trans disclosure minefield /</marcxml:subfield>
    <marcxml:subfield code="r">Joey Alison Sayers --</marcxml:subfield>
    <marcxml:subfield code="t">A covert gaze at conservative gays /</marcxml:subfield>
    <marcxml:subfield code="r">Sam Wallman --</marcxml:subfield>
    <marcxml:subfield code="t">The homophobic hysteria of the lavender scare /</marcxml:subfield>
    <marcxml:subfield code="r">Kazimir Lee &amp; Dorian Alexander --</marcxml:subfield>
    <marcxml:subfield code="t">Boobs aren't binary /</marcxml:subfield>
    <marcxml:subfield code="r">Mady G --</marcxml:subfield>
    <marcxml:subfield code="t">How do you adopt an embryo? /</marcxml:subfield>
    <marcxml:subfield code="r">Robyn Jordan --</marcxml:subfield>
    <marcxml:subfield code="t">LiveJournal made me gay /</marcxml:subfield>
    <marcxml:subfield code="r">JB Brager --</marcxml:subfield>
    <marcxml:subfield code="t">Sometimes I call myself queer. Sometimes I feel like a liar /</marcxml:subfield>
    <marcxml:subfield code="r">Nero O'Reilly --</marcxml:subfield>
    <marcxml:subfield code="t">A lifetime of coming out /</marcxml:subfield>
    <marcxml:subfield code="r">Joey Alison Sayers --</marcxml:subfield>
    <marcxml:subfield code="t">I am more than my chromosomes /</marcxml:subfield>
    <marcxml:subfield code="r">Elisabet Rún --</marcxml:subfield>
    <marcxml:subfield code="t">Jussie Smollett doesn't negate the reality of hate crimes /</marcxml:subfield>
    <marcxml:subfield code="r">Maria-Rose Marie --</marcxml:subfield>
    <marcxml:subfield code="t">It's all for the breast /</marcxml:subfield>
    <marcxml:subfield code="r">Alexis Sudgen --</marcxml:subfield>
    <marcxml:subfield code="t">Witch camp /</marcxml:subfield>
    <marcxml:subfield code="r">Melanie Gullman --</marcxml:subfield>
    <marcxml:subfield code="t">Take a hint /</marcxml:subfield>
    <marcxml:subfield code="r">Julia Bernhard --</marcxml:subfield>
    <marcxml:subfield code="t">The American revolution's greatest leader was openly gay /</marcxml:subfield>
    <marcxml:subfield code="r">Josh Trujillo &amp; Levi Hastings --</marcxml:subfield>
    <marcxml:subfield code="t">What's it like to raise kids in Malaysia when you're LGBT? /</marcxml:subfield>
    <marcxml:subfield code="r">Kazimir Lee --</marcxml:subfield>
    <marcxml:subfield code="t">The wonderfully queer world of Moomin /</marcxml:subfield>
    <marcxml:subfield code="r">Mady G --</marcxml:subfield>
    <marcxml:subfield code="t">Judge not /</marcxml:subfield>
    <marcxml:subfield code="r">Joey Alison Sayers --</marcxml:subfield>
    <marcxml:subfield code="t">The important pundit in : Silent horror /</marcxml:subfield>
    <marcxml:subfield code="r">Matt Lubchansky.</marcxml:subfield>
  </marcxml:datafield>
  <marcxml:datafield ind1=" " ind2=" " tag="586">
    <marcxml:subfield code="a">Ignatz award winner.</marcxml:subfield>
  </marcxml:datafield>
  <marcxml:datafield ind1=" " ind2="0" tag="650">
    <marcxml:subfield code="a">Sexual minorities</marcxml:subfield>
    <marcxml:subfield code="v">Comic books, strips, etc.</marcxml:subfield>
  </marcxml:datafield>
  <marcxml:datafield ind1=" " ind2="0" tag="650">
    <marcxml:subfield code="a">Gays</marcxml:subfield>
    <marcxml:subfield code="v">Comic books, strips, etc.</marcxml:subfield>
  </marcxml:datafield>
  <marcxml:datafield ind1=" " ind2="0" tag="650">
    <marcxml:subfield code="a">Lesbians</marcxml:subfield>
    <marcxml:subfield code="v">Comic books, strips, etc.</marcxml:subfield>
  </marcxml:datafield>
  <marcxml:datafield ind1=" " ind2="0" tag="650">
    <marcxml:subfield code="a">Transgender people</marcxml:subfield>
    <marcxml:subfield code="v">Comic books, strips, etc.</marcxml:subfield>
  </marcxml:datafield>
  <marcxml:datafield ind1=" " ind2="0" tag="650">
    <marcxml:subfield code="a">Gender-nonconforming people</marcxml:subfield>
    <marcxml:subfield code="v">Comic books, strips, etc.</marcxml:subfield>
  </marcxml:datafield>
  <marcxml:datafield ind1=" " ind2="0" tag="650">
    <marcxml:subfield code="a">Gender identity</marcxml:subfield>
    <marcxml:subfield code="v">Comic books, strips, etc.</marcxml:subfield>
  </marcxml:datafield>
  <marcxml:datafield ind1=" " ind2="0" tag="650">
    <marcxml:subfield code="a">Queer comic books, strips, etc.</marcxml:subfield>
  </marcxml:datafield>
  <marcxml:datafield ind1=" " ind2="7" tag="650">
    <marcxml:subfield code="a">Gays.</marcxml:subfield>
    <marcxml:subfield code="2">fast</marcxml:subfield>
    <marcxml:subfield code="0">(OCoLC)fst00939255</marcxml:subfield>
  </marcxml:datafield>
  <marcxml:datafield ind1=" " ind2="7" tag="650">
    <marcxml:subfield code="a">Gender identity.</marcxml:subfield>
    <marcxml:subfield code="2">fast</marcxml:subfield>
    <marcxml:subfield code="0">(OCoLC)fst00939593</marcxml:subfield>
  </marcxml:datafield>
  <marcxml:datafield ind1=" " ind2="7" tag="650">
    <marcxml:subfield code="a">Gender-nonconforming people.</marcxml:subfield>
    <marcxml:subfield code="2">fast</marcxml:subfield>
    <marcxml:subfield code="0">(OCoLC)fst01985432</marcxml:subfield>
  </marcxml:datafield>
  <marcxml:datafield ind1=" " ind2="7" tag="650">
    <marcxml:subfield code="a">Lesbians.</marcxml:subfield>
    <marcxml:subfield code="2">fast</marcxml:subfield>
    <marcxml:subfield code="0">(OCoLC)fst00996540</marcxml:subfield>
  </marcxml:datafield>
  <marcxml:datafield ind1=" " ind2="7" tag="650">
    <marcxml:subfield code="a">Queer comic books, strips, etc.</marcxml:subfield>
    <marcxml:subfield code="2">fast</marcxml:subfield>
    <marcxml:subfield code="0">(OCoLC)fst02010815</marcxml:subfield>
  </marcxml:datafield>
  <marcxml:datafield ind1=" " ind2="7" tag="650">
    <marcxml:subfield code="a">Sexual minorities.</marcxml:subfield>
    <marcxml:subfield code="2">fast</marcxml:subfield>
    <marcxml:subfield code="0">(OCoLC)fst01202158</marcxml:subfield>
  </marcxml:datafield>
  <marcxml:datafield ind1=" " ind2="7" tag="650">
    <marcxml:subfield code="a">Transgender people.</marcxml:subfield>
    <marcxml:subfield code="2">fast</marcxml:subfield>
    <marcxml:subfield code="0">(OCoLC)fst01765239</marcxml:subfield>
  </marcxml:datafield>
  <marcxml:datafield ind1=" " ind2="7" tag="655">
    <marcxml:subfield code="a">Autobiographical comics.</marcxml:subfield>
    <marcxml:subfield code="2">fast</marcxml:subfield>
    <marcxml:subfield code="0">(OCoLC)fst01921583</marcxml:subfield>
  </marcxml:datafield>
  <marcxml:datafield ind1=" " ind2="7" tag="655">
    <marcxml:subfield code="a">Comics (Graphic works)</marcxml:subfield>
    <marcxml:subfield code="2">fast</marcxml:subfield>
    <marcxml:subfield code="0">(OCoLC)fst01921613</marcxml:subfield>
  </marcxml:datafield>
  <marcxml:datafield ind1=" " ind2="7" tag="655">
    <marcxml:subfield code="a">Gay comics.</marcxml:subfield>
    <marcxml:subfield code="2">fast</marcxml:subfield>
    <marcxml:subfield code="0">(OCoLC)fst02000486</marcxml:subfield>
  </marcxml:datafield>
  <marcxml:datafield ind1=" " ind2="7" tag="655">
    <marcxml:subfield code="a">Graphic novels.</marcxml:subfield>
    <marcxml:subfield code="2">fast</marcxml:subfield>
    <marcxml:subfield code="0">(OCoLC)fst01726630</marcxml:subfield>
  </marcxml:datafield>
  <marcxml:datafield ind1=" " ind2="7" tag="655">
    <marcxml:subfield code="a">Lesbian comics.</marcxml:subfield>
    <marcxml:subfield code="2">fast</marcxml:subfield>
    <marcxml:subfield code="0">(OCoLC)fst02000485</marcxml:subfield>
  </marcxml:datafield>
  <marcxml:datafield ind1=" " ind2="7" tag="655">
    <marcxml:subfield code="a">Nonfiction comics.</marcxml:subfield>
    <marcxml:subfield code="2">fast</marcxml:subfield>
    <marcxml:subfield code="0">(OCoLC)fst01921721</marcxml:subfield>
  </marcxml:datafield>
  <marcxml:datafield ind1=" " ind2="7" tag="655">
    <marcxml:subfield code="a">Queer comics.</marcxml:subfield>
    <marcxml:subfield code="2">fast</marcxml:subfield>
    <marcxml:subfield code="0">(OCoLC)fst02010889</marcxml:subfield>
  </marcxml:datafield>
  <marcxml:datafield ind1=" " ind2="7" tag="655">
    <marcxml:subfield code="a">Short stories.</marcxml:subfield>
    <marcxml:subfield code="2">fast</marcxml:subfield>
    <marcxml:subfield code="0">(OCoLC)fst01726740</marcxml:subfield>
  </marcxml:datafield>
  <marcxml:datafield ind1=" " ind2="7" tag="655">
    <marcxml:subfield code="a">Graphic novels.</marcxml:subfield>
    <marcxml:subfield code="2">lcgft</marcxml:subfield>
  </marcxml:datafield>
  <marcxml:datafield ind1=" " ind2="7" tag="655">
    <marcxml:subfield code="a">Comics (Graphic works)</marcxml:subfield>
    <marcxml:subfield code="2">lcgft</marcxml:subfield>
  </marcxml:datafield>
  <marcxml:datafield ind1=" " ind2="7" tag="655">
    <marcxml:subfield code="a">Autobiographical comics.</marcxml:subfield>
    <marcxml:subfield code="2">lcgft</marcxml:subfield>
  </marcxml:datafield>
  <marcxml:datafield ind1=" " ind2="7" tag="655">
    <marcxml:subfield code="a">Nonfiction comics.</marcxml:subfield>
    <marcxml:subfield code="2">lcgft</marcxml:subfield>
  </marcxml:datafield>
  <marcxml:datafield ind1=" " ind2="7" tag="655">
    <marcxml:subfield code="a">Queer comics.</marcxml:subfield>
    <marcxml:subfield code="2">lcgft</marcxml:subfield>
  </marcxml:datafield>
  <marcxml:datafield ind1=" " ind2="7" tag="655">
    <marcxml:subfield code="a">Gay comics.</marcxml:subfield>
    <marcxml:subfield code="2">lcgft</marcxml:subfield>
  </marcxml:datafield>
  <marcxml:datafield ind1=" " ind2="7" tag="655">
    <marcxml:subfield code="a">Lesbian comics.</marcxml:subfield>
    <marcxml:subfield code="2">lcgft</marcxml:subfield>
  </marcxml:datafield>
  <marcxml:datafield ind1=" " ind2="7" tag="655">
    <marcxml:subfield code="a">Short stories.</marcxml:subfield>
    <marcxml:subfield code="2">lcgft</marcxml:subfield>
  </marcxml:datafield>
  <marcxml:datafield ind1=" " ind2="7" tag="655">
    <marcxml:subfield code="a">Transgender comics.</marcxml:subfield>
    <marcxml:subfield code="2">lcgft</marcxml:subfield>
  </marcxml:datafield>
  <marcxml:datafield ind1=" " ind2="7" tag="650">
    <marcxml:subfield code="a">Gays and lesbians</marcxml:subfield>
    <marcxml:subfield code="v">Comic books, strips, etc.</marcxml:subfield>
    <marcxml:subfield code="2">sears</marcxml:subfield>
  </marcxml:datafield>
  <marcxml:datafield ind1=" " ind2="7" tag="650">
    <marcxml:subfield code="a">Lesbians</marcxml:subfield>
    <marcxml:subfield code="v">Comic books, strips, etc.</marcxml:subfield>
    <marcxml:subfield code="2">sears</marcxml:subfield>
  </marcxml:datafield>
  <marcxml:datafield ind1=" " ind2="7" tag="650">
    <marcxml:subfield code="a">Sex role</marcxml:subfield>
    <marcxml:subfield code="v">Comic books, strips, etc.</marcxml:subfield>
    <marcxml:subfield code="2">sears</marcxml:subfield>
  </marcxml:datafield>
  <marcxml:datafield ind1="1" ind2=" " tag="700">
    <marcxml:subfield code="a">Bors, Matt,</marcxml:subfield>
    <marcxml:subfield code="e">editor,</marcxml:subfield>
    <marcxml:subfield code="e">publisher.</marcxml:subfield>
  </marcxml:datafield>
  <marcxml:datafield ind1="2" ind2=" " tag="710">
    <marcxml:subfield code="a">Small Press Expo Collection (Library of Congress)</marcxml:subfield>
    <marcxml:subfield code="5">DLC</marcxml:subfield>
  </marcxml:datafield>
</marcxml:record>
